@misc{FOAG,
    AUTHOR = "Vakil, Ravi",
    TITLE = "{MATH 216: Foundations of Algebraic Geometry}",
    howpublished = {\url{https://math.stanford.edu/~vakil/216blog/}},
}

@book{huybrechts2010geometry,
  title={The geometry of moduli spaces of sheaves},
  author={Huybrechts, Daniel and Lehn, Manfred},
  year={2010},
  publisher={Cambridge University Press}
}
@misc{stacks-project,
  author       = {The {Stacks project authors}},
  title        = {The Stacks project},
  howpublished = {\url{https://stacks.math.columbia.edu}},
  year         = {2021},
}
@misc{moduliGIT,
  author       = {Victoria Hoskins},
  title        = {Algebraic Geometry II: Moduli and GIT, Winter Semester 2015/2016},
  howpublished = {\url{https://userpage.fu-berlin.de/hoskins/moduli_and_GIT.html}},
  year         = {2015-2016},
}
@misc{modulicurve,
  author       = {Johannes Schmitt},
  title        = {The moduli space of curves (V5A4, Summer term 2020)},
  howpublished = {\url{https://johannesschmitt.gitlab.io/moduli_of_curves}},
  year         = {2020},
}
@book{hartshorne2013algebraic,
  title={Algebraic geometry},
  author={Hartshorne, Robin},
  volume={52},
  year={2013},
  publisher={Springer Science \& Business Media}
}
@misc{xu2020kstability,
      title={K-stability of Fano varieties: an algebro-geometric approach}, 
      author={Chenyang Xu},
      howpublished = {\url{https://arxiv.org/pdf/2011.10477.pdf}},
      year={2020},
      eprint={2011.10477},
      archivePrefix={arXiv},
      primaryClass={math.AG}
}
@misc{frăţilă2020revisiting,
      title={Revisiting the moduli space of semistable G-bundles over elliptic curves}, 
      author={Dragoş Frăţilă},
      howpublished = {\url{https://arxiv.org/pdf/1703.09959.pdf}},
      year={2020},
      eprint={1703.09959},
      archivePrefix={arXiv},
      primaryClass={math.AG}
}
@book{hida2011geometric,
  title={Geometric modular forms and elliptic curves},
  author={Hida, Haruzo},
  year={2011},
  publisher={World Scientific}
}
@book{mumford1974abelian,
  title={Abelian varieties},
  author={Mumford, David and Ramanujam, Chidambaran Padmanabhan and Manin, I︠U︡ I},
  volume={3},
  year={1974},
  publisher={Oxford university press Oxford}
}
@article{milne1986abelian,
  title={Abelian varieties},
  author={Milne, James S},
  journal={Arithmetic geometry},
  pages={103--150},
  year={1986},
  publisher={Springer}
}
@book{saito2013fermat,
  title={Fermat's Last Theorem: Basic Tools},
  author={Sait{\=o}, Takeshi},
  volume={243},
  year={2013},
  publisher={American Mathematical Soc.}
}
@book{saito2014fermat,
  title={Fermat's Last Theorem: The Proof},
  author={Saito, Takeshi},
  volume={245},
  year={2014},
  publisher={American Mathematical Soc.}
}
@misc{edixhoven2012abelian,
  title={Abelian varieties},
  author={Edixhoven, Bas and Van der Geer, Gerard and Moonen, Ben},
  howpublished = {\url{http://van-der-geer.nl/~gerard/AV.pdf}},
  year={2012}
}
@misc{vistoli2007notes,
      title={Notes on Grothendieck topologies, fibered categories and descent theory}, 
      howpublished = {\url{http://homepage.sns.it/vistoli/descent.pdf}},
      author={Angelo Vistoli},
      year={2007},
      eprint={math/0412512},
      archivePrefix={arXiv},
      primaryClass={math.AG}
}
@book{harris2006moduli,
  title={Moduli of curves},
  author={Harris, Joe and Morrison, Ian},
  volume={187},
  year={2006},
  publisher={Springer Science \& Business Media}
}

@misc{massarenti2013,
   title={The automorphism group of {$M̄_{g,n}$}},
   volume={89},
   ISSN={0024-6107},
   howpublished = {\url{http://dx.doi.org/10.1112/jlms/jdt057}},
   DOI={10.1112/jlms/jdt057},
   number={1},
   journal={Journal of the London Mathematical Society},
   publisher={Wiley},
   author={Massarenti, Alex},
   year={2013},
   month={Sep},
   pages={131–150} 
}
@article{deligne1975courbes,
  title={Courbes elliptiques: formulaire d’apres J. Tate},
  author={Deligne, Pierre},
  booktitle={Modular functions of one variable, IV (Proc. Internat. Summer School, Univ. Antwerp, Antwerp, 1972)},
  volume={476},
  pages={53--73},
  year={1975}
}

@misc{alper2021introduction,
  title={Introduction to Stacks and Moduli},
  author={Alper, Jarod},
  howpublished = {\url{https://sites.math.washington.edu/~jarod/moduli.pdf}},
  journal={Lecture notes for a course in Washington, version of winter},
  year={2021}
}

@misc{atiyah1957vector,
  title={Vector bundles over an elliptic curve},
  author={Atiyah, Michael Francis},
  journal={Proceedings of the London Mathematical Society},
   howpublished = {\url{https://math.berkeley.edu/~nadler/atiyah.classification.pdf}},
  volume={3},
  number={1},
  pages={414--452},
  year={1957},
  publisher={Oxford University Press}
}
@misc{HZformula2021,
  doi = {10.48550/ARXIV.2112.11137},
  
  url = {https://arxiv.org/abs/2112.11137},
  
  author = {Giacchetto, Alessandro and Lewański, Danilo and Norbury, Paul},
  
  keywords = {Algebraic Geometry (math.AG), Mathematical Physics (math-ph), FOS: Mathematics, FOS: Mathematics, FOS: Physical sciences, FOS: Physical sciences, 14N10 (Primary) 14H10, 14H60, 05A15 (Secondary)},
  
  title = {An intersection-theoretic proof of the Harer-Zagier formula},
  
  publisher = {arXiv},
  
  year = {2021},
  
  copyright = {arXiv.org perpetual, non-exclusive license}
}
@Book{Huy23,
 Author = {Huybrechts, Daniel},
 Title = {The geometry of cubic hypersurfaces},
 FSeries = {Cambridge Studies in Advanced Mathematics},
 Series = {Camb. Stud. Adv. Math.},
 Volume = {206},
 ISBN = {978-1-00-928000-6; 978-1-00-928002-0},
 Year = {2023},
 Publisher = {Cambridge: Cambridge University Press},
 Language = {English},
 DOI = {10.1017/9781009280020},
 Keywords = {14-01,14J70,14J45},
 zbMATH = {7671697}
}
@book{MS05,
 author = {Miller, Ezra and Sturmfels, Bernd},
 title = {Combinatorial commutative algebra},
 fseries = {Graduate Texts in Mathematics},
 series = {Grad. Texts Math.},
 issn = {0072-5285},
 volume = {227},
 isbn = {0-387-23707-0},
 year = {2005},
 publisher = {New York, NY: Springer},
 language = {English},
 doi = {10.1007/b138602},
 keywords = {13-02,13-01,05-01,05-02,05E99,13F20,13C40},
 zbMATH = {2190625},
 Zbl = {1090.13001}
}