@misc{FOAG,
    AUTHOR = "Vakil, Ravi",
    TITLE = "{MATH 216: Foundations of Algebraic Geometry}",
    howpublished = {\url{https://math.stanford.edu/~vakil/216blog/}},
}

@book{huybrechts2010geometry,
  title={The geometry of moduli spaces of sheaves},
  author={Huybrechts, Daniel and Lehn, Manfred},
  year={2010},
  publisher={Cambridge University Press}
}
@misc{stacks-project,
  author       = {The {Stacks project authors}},
  title        = {The Stacks project},
  howpublished = {\url{https://stacks.math.columbia.edu}},
  year         = {2021},
}
@misc{moduliGIT,
  author       = {Victoria Hoskins},
  title        = {Algebraic Geometry II: Moduli and GIT, Winter Semester 2015/2016},
  howpublished = {\url{https://userpage.fu-berlin.de/hoskins/moduli_and_GIT.html}},
  year         = {2015-2016},
}
@misc{modulicurve,
  author       = {Johannes Schmitt},
  title        = {The moduli space of curves (V5A4, Summer term 2020)},
  howpublished = {\url{https://johannesschmitt.gitlab.io/moduli_of_curves}},
  year         = {2020},
}
@book{hartshorne2013algebraic,
  title={Algebraic geometry},
  author={Hartshorne, Robin},
  volume={52},
  year={2013},
  publisher={Springer Science \& Business Media}
}
@misc{xu2020kstability,
      title={K-stability of Fano varieties: an algebro-geometric approach}, 
      author={Chenyang Xu},
      howpublished = {\url{https://arxiv.org/pdf/2011.10477.pdf}},
      year={2020},
      eprint={2011.10477},
      archivePrefix={arXiv},
      primaryClass={math.AG}
}
@misc{frăţilă2020revisiting,
      title={Revisiting the moduli space of semistable G-bundles over elliptic curves}, 
      author={Dragoş Frăţilă},
      howpublished = {\url{https://arxiv.org/pdf/1703.09959.pdf}},
      year={2020},
      eprint={1703.09959},
      archivePrefix={arXiv},
      primaryClass={math.AG}
}
@book{hida2011geometric,
  title={Geometric modular forms and elliptic curves},
  author={Hida, Haruzo},
  year={2011},
  publisher={World Scientific}
}
@book{mumford1974abelian,
  title={Abelian varieties},
  author={Mumford, David and Ramanujam, Chidambaran Padmanabhan and Manin, I︠U︡ I},
  volume={3},
  year={1974},
  publisher={Oxford university press Oxford}
}
@article{milne1986abelian,
  title={Abelian varieties},
  author={Milne, James S},
  journal={Arithmetic geometry},
  pages={103--150},
  year={1986},
  publisher={Springer}
}
@book{saito2013fermat,
  title={Fermat's Last Theorem: Basic Tools},
  author={Sait{\=o}, Takeshi},
  volume={243},
  year={2013},
  publisher={American Mathematical Soc.}
}
@book{saito2014fermat,
  title={Fermat's Last Theorem: The Proof},
  author={Saito, Takeshi},
  volume={245},
  year={2014},
  publisher={American Mathematical Soc.}
}
@misc{edixhoven2012abelian,
  title={Abelian varieties},
  author={Edixhoven, Bas and Van der Geer, Gerard and Moonen, Ben},
  howpublished = {\url{http://van-der-geer.nl/~gerard/AV.pdf}},
  year={2012}
}
@misc{vistoli2007notes,
      title={Notes on Grothendieck topologies, fibered categories and descent theory}, 
      howpublished = {\url{http://homepage.sns.it/vistoli/descent.pdf}},
      author={Angelo Vistoli},
      year={2007},
      eprint={math/0412512},
      archivePrefix={arXiv},
      primaryClass={math.AG}
}
@book{harris2006moduli,
  title={Moduli of curves},
  author={Harris, Joe and Morrison, Ian},
  volume={187},
  year={2006},
  publisher={Springer Science \& Business Media}
}

@misc{massarenti2013,
   title={The automorphism group of {$M̄_{g,n}$}},
   volume={89},
   ISSN={0024-6107},
   howpublished = {\url{http://dx.doi.org/10.1112/jlms/jdt057}},
   DOI={10.1112/jlms/jdt057},
   number={1},
   journal={Journal of the London Mathematical Society},
   publisher={Wiley},
   author={Massarenti, Alex},
   year={2013},
   month={Sep},
   pages={131–150} 
}
@article{deligne1975courbes,
  title={Courbes elliptiques: formulaire d’apres J. Tate},
  author={Deligne, Pierre},
  booktitle={Modular functions of one variable, IV (Proc. Internat. Summer School, Univ. Antwerp, Antwerp, 1972)},
  volume={476},
  pages={53--73},
  year={1975}
}

@misc{alper2021introduction,
  title={Introduction to Stacks and Moduli},
  author={Alper, Jarod},
  howpublished = {\url{https://sites.math.washington.edu/~jarod/moduli.pdf}},
  journal={Lecture notes for a course in Washington, version of winter},
  year={2021}
}

@misc{atiyah1957vector,
  title={Vector bundles over an elliptic curve},
  author={Atiyah, Michael Francis},
  journal={Proceedings of the London Mathematical Society},
   howpublished = {\url{https://math.berkeley.edu/~nadler/atiyah.classification.pdf}},
  volume={3},
  number={1},
  pages={414--452},
  year={1957},
  publisher={Oxford University Press}
}
@misc{HZformula2021,
  doi = {10.48550/ARXIV.2112.11137},
  
  url = {https://arxiv.org/abs/2112.11137},
  
  author = {Giacchetto, Alessandro and Lewański, Danilo and Norbury, Paul},
  
  keywords = {Algebraic Geometry (math.AG), Mathematical Physics (math-ph), FOS: Mathematics, FOS: Mathematics, FOS: Physical sciences, FOS: Physical sciences, 14N10 (Primary) 14H10, 14H60, 05A15 (Secondary)},
  
  title = {An intersection-theoretic proof of the Harer-Zagier formula},
  
  publisher = {arXiv},
  
  year = {2021},
  
  copyright = {arXiv.org perpetual, non-exclusive license}
}
@Book{Huy23,
 Author = {Huybrechts, Daniel},
 Title = {The geometry of cubic hypersurfaces},
 FSeries = {Cambridge Studies in Advanced Mathematics},
 Series = {Camb. Stud. Adv. Math.},
 Volume = {206},
 ISBN = {978-1-00-928000-6; 978-1-00-928002-0},
 Year = {2023},
 Publisher = {Cambridge: Cambridge University Press},
 Language = {English},
 DOI = {10.1017/9781009280020},
 Keywords = {14-01,14J70,14J45},
 zbMATH = {7671697}
}
@book{MS05,
 author = {Miller, Ezra and Sturmfels, Bernd},
 title = {Combinatorial commutative algebra},
 fseries = {Graduate Texts in Mathematics},
 series = {Grad. Texts Math.},
 issn = {0072-5285},
 volume = {227},
 isbn = {0-387-23707-0},
 year = {2005},
 publisher = {New York, NY: Springer},
 language = {English},
 doi = {10.1007/b138602},
 keywords = {13-02,13-01,05-01,05-02,05E99,13F20,13C40},
 zbMATH = {2190625},
 Zbl = {1090.13001}
}

@book{Potier97,
 author = {Le Potier, Joseph},
 title = {Lectures on vector bundles},
 fseries = {Cambridge Studies in Advanced Mathematics},
 series = {Camb. Stud. Adv. Math.},
 volume = {54},
 isbn = {0-521-48182-1},
 year = {1997},
 publisher = {Cambridge: Cambridge University Press},
 language = {English},
 keywords = {14D20,14-02,14F05,14J60},
 zbMATH = {996200},
 Zbl = {0872.14003}
}

@incollection{MS19,
 author = {Macr{\`{\i}}, Emanuele and Schmidt, Benjamin},
 title = {Lectures on {Bridgeland} stability},
 booktitle = {Moduli of curves. CIMAT Guanajuato, Mexico 2016. Lecture notes of a CIMPA-ICTP school, Guanajuato, Mexico, February 22 -- March 4, 2016},
 isbn = {978-3-319-59485-9; 978-3-319-59486-6},
 pages = {139--211},
 year = {2017},
 publisher = {Cham: Springer},
 language = {English},
 doi = {10.1007/978-3-319-59486-6_5},
 keywords = {14-01,14F05,18E30},
 zbMATH = {6846365},
 Zbl = {1391.14001}
}

@article{LZ19,
 author = {Li, Chunyi and Zhao, Xiaolei},
 title = {Birational models of moduli spaces of coherent sheaves on the projective plane},
 fjournal = {Geometry \& Topology},
 journal = {Geom. Topol.},
 issn = {1465-3060},
 volume = {23},
 number = {1},
 pages = {347--426},
 year = {2019},
 language = {English},
 doi = {10.2140/gt.2019.23.347},
 keywords = {14D20,14E30,14F08},
 zbMATH = {7034548},
 Zbl = {1456.14016}
}


@misc{MT25,
 author = {Mao, Tianle},
 title = {Stability conditions on the canonical line bundle of ${{\mathbb}}{P}^3$},
 year = {2025},
 howpublished = {Preprint, {arXiv}:2501.15251 [math.{AG}] (2025)},
 url = {https://arxiv.org/abs/2501.15251},
 arXiv = {arXiv:2501.15251}
}
@article{Okada05,
 author = {Okada, So},
 title = {Stability Manifold of $P^1$},
 fjournal = {Journal of Algebraic Geometry},
 journal = {J. Algebr. Geom.},
 issn = {1056-3911},
 volume = {15},
 number = {3},
 pages = {487--505},
 year = {2006},
 language = {English},
 doi = {10.1090/S1056-3911-06-00432-2},
 keywords = {14F05,14H60,18F30,18E30},
 zbMATH = {5135138},
 Zbl = {1117.14021}
}


@article{GKR03,
 author = {Gorodentsev, A. L. and Kuleshov, S. A. and Rudakov, A. N.},
 title = {{{\(t\)}}-stabilities and {{\(t\)}}-structures on triangulated categories.},
 fjournal = {Izvestiya: Mathematics},
 journal = {Izv. Math.},
 issn = {1064-5632},
 volume = {68},
 number = {4},
 pages = {749--781},
 year = {2004},
 language = {English},
 doi = {10.1070/IM2004v068n04ABEH000497},
 keywords = {18E30},
 zbMATH = {2168409},
 Zbl = {1062.18009}
}

@misc{LLPZ24,
 author = {Li, Chunyi and Lin, Yinbang and Pertusi, Laura and Zhao, Xiaolei},
 title = {Higher dimensional moduli spaces on {Kuznetsov} components of {Fano} threefolds},
 year = {2024},
 howpublished = {Preprint, {arXiv}:2406.09124 [math.{AG}] (2024)},
 keywords = {14D20,14F06,14J60,18E99,53C26},
 url = {https://arxiv.org/abs/2406.09124},
 arXiv = {arXiv:2406.09124}
}

@book{Huy06,
 author = {Huybrechts, D.},
 title = {Fourier-Mukai transforms in algebraic geometry},
 fseries = {Oxford Mathematical Monographs},
 series = {Oxford Math. Monogr.},
 isbn = {0-19-929686-3},
 year = {2006},
 publisher = {Oxford: Clarendon Press},
 language = {English},
 keywords = {14-02,14D20,14F05,18E30},
 zbMATH = {5028970},
 Zbl = {1095.14002}
}

@incollection{Bay16,
 author = {Bayer, Arend},
 title = {Wall-crossing implies {Brill}-{Noether}: applications of stability conditions on surfaces},
 booktitle = {Algebraic geometry: Salt Lake City 2015. 2015 summer research institute in algebraic geometry, University of Utah, Salt Lake City, UT, USA, July 13--31, 2015. Proceedings. Part 1},
 isbn = {978-1-4704-3577-6; 978-1-4704-4667-3; 978-1-4704-4678-9},
 pages = {3--27},
 year = {2018},
 publisher = {Providence, RI: American Mathematical Society (AMS); Cambridge, MA: Clay Mathematics Institute},
 language = {English},
 doi = {10.1090/pspum/097.1/01668},
 keywords = {14F08,14J28,14H51,14-02},
 url = {www.pure.ed.ac.uk/ws/files/80443410/1604.08261.pdf},
 zbMATH = {7272583},
 Zbl = {1451.14048}
}

@article{GR87,
 author = {Gorodentsev, A. L. and Rudakov, A. N.},
 title = {Exceptional vector bundles on projective spaces},
 fjournal = {Duke Mathematical Journal},
 journal = {Duke Math. J.},
 issn = {0012-7094},
 volume = {54},
 pages = {115--130},
 year = {1987},
 language = {English},
 doi = {10.1215/S0012-7094-87-05409-3},
 keywords = {14F05},
 zbMATH = {4053782},
 Zbl = {0646.14014}
}